<?xml version="1.0" encoding="UTF-8"?><collection xmlns="http://www.loc.gov/MARC21/slim"><record><leader>00627nam--2200193-i-4500</leader><controlfield tag="001">000020813</controlfield><controlfield tag="002">20161230</controlfield><controlfield tag="005">20161230201033</controlfield><controlfield tag="008">060222s1000------------r-----000-0-rum-d</controlfield><datafield ind1=" " ind2=" " tag="040"><subfield code="a">IFIN-HH</subfield></datafield><datafield ind1=" " ind2=" " tag="041"><subfield code="a">rum</subfield></datafield><datafield ind1=" " ind2=" " tag="080"><subfield code="a">539.143.4(043)</subfield></datafield><datafield ind1="1" ind2=" " tag="100"><subfield code="a">Delion, Doru Sabin</subfield></datafield><datafield ind1="1" ind2="0" tag="245"><subfield code="a">Studiul starilor colective de tip m1 si m3 la nucleele par-pare si a celor colective de tip m1 la nucleele par-impare</subfield><subfield code="b">Teza</subfield><subfield code="c">Doru sabin delion</subfield></datafield><datafield ind1=" " ind2=" " tag="260"><subfield code="a">Bucuresti</subfield><subfield code="b">Institutul Central De Fizica</subfield><subfield code="c">1989</subfield></datafield><datafield ind1=" " ind2=" " tag="300"><subfield code="a">98 P</subfield></datafield><datafield ind1=" " ind2=" " tag="502"><subfield code="a">Conducato Stiintific: Dr. A.A. Raduta</subfield></datafield><datafield ind1=" " ind2=" " tag="852"><subfield code="a">78699</subfield><subfield code="c">539.143.43</subfield></datafield><datafield ind1=" " ind2=" " tag="CAT"><subfield code="a">Sys</subfield><subfield code="c">20120514</subfield><subfield code="h">123432</subfield></datafield></record></collection>